@book{Martin:CleanCode,
    author = {Robert C. Martin},
    title = {Clean Code},
    subtitle = {A Handbook of Agile Software Craftsmanship},
    publisher = {Prentice Hall},
    year=2008
}
